@article{richardson2006markov,
  title={Markov logic networks},
  author={Richardson, Matthew and Domingos, Pedro},
  journal={Machine learning},
  volume={62},
  number={1},
  pages={107--136},
  year={2006},
  publisher={Springer}
}