@article{dean2008mapreduce,
  title={MapReduce: simplified data processing on large clusters},
  author={Dean, J. and Ghemawat, S.},
  journal={Communications of the ACM},
  volume={51},
  number={1},
  pages={107--113},
  year={2008},
  publisher={ACM}
}

@inproceedings{zaharia2010spark,
  title={Spark: cluster computing with working sets},
  author={Zaharia, M. and Chowdhury, M. and Franklin, M.J. and Shenker, S. and Stoica, I.},
  booktitle={Proceedings of the 2nd USENIX conference on Hot topics in cloud computing},
  pages={10--10},
  year={2010},
  organization={USENIX Association}
}

@article{bu2010haloop,
  title={HaLoop: Efficient iterative data processing on large clusters},
  author={Bu, Y. and Howe, B. and Balazinska, M. and Ernst, M.D.},
  journal={Proceedings of the VLDB Endowment},
  volume={3},
  number={1-2},
  pages={285--296},
  year={2010},
  publisher={VLDB Endowment}
}

@article{rusu2012glade,
  title={GLADE: a scalable framework for efficient analytics},
  author={Rusu, F. and Dobra, A.},
  journal={ACM SIGOPS Operating Systems Review},
  volume={46},
  number={1},
  pages={12--18},
  year={2012},
  publisher={ACM}
}

@inproceedings{arumugam2010datapath,
  title={The DataPath system: a data-centric analytic processing engine for large data warehouses},
  author={Arumugam, S. and Dobra, A. and Jermaine, C.M. and Pansare, N. and Perez, L.},
  booktitle={Proceedings of the 2010 international conference on Management of data},
  pages={519--530},
  year={2010},
  organization={ACM}
}

@article{melnik2010dremel,
  title={Dremel: interactive analysis of web-scale datasets},
  author={Melnik, S. and Gubarev, A. and Long, J.J. and Romer, G. and Shivakumar, S. and Tolton, M. and Vassilakis, T.},
  journal={Proceedings of the VLDB Endowment},
  volume={3},
  number={1-2},
  pages={330--339},
  year={2010},
  publisher={VLDB Endowment}
}

@inproceedings{malewicz2010pregel,
  title={Pregel: a system for large-scale graph processing},
  author={Malewicz, G. and Austern, M.H. and Bik, A.J.C. and Dehnert, J.C. and Horn, I. and Leiser, N. and Czajkowski, G.},
  booktitle={Proceedings of the 2010 international conference on Management of data},
  pages={135--146},
  year={2010},
  organization={ACM}
}

@article{valiant1990bridging,
  title={A bridging model for parallel computation},
  author={Valiant, L.G.},
  journal={Communications of the ACM},
  volume={33},
  number={8},
  pages={103--111},
  year={1990},
  publisher={ACM}
}

@article{low2010graphlab,
  title={Graphlab: A new framework for parallel machine learning},
  author={Low, Y. and Gonzalez, J. and Kyrola, A. and Bickson, D. and Guestrin, C. and Hellerstein, J.M.},
  journal={arXiv preprint arXiv:1006.4990},
  year={2010}
}

@article{low2012distributed,
  title={Distributed GraphLab: a framework for machine learning and data mining in the cloud},
  author={Low, Y. and Bickson, D. and Gonzalez, J. and Guestrin, C. and Kyrola, A. and Hellerstein, J.M.},
  journal={Proceedings of the VLDB Endowment},
  volume={5},
  number={8},
  pages={716--727},
  year={2012},
  publisher={VLDB Endowment}
}

@article{richardson2006markov,
  title={Markov logic networks},
  author={Richardson, M. and Domingos, P.},
  journal={Machine learning},
  volume={62},
  number={1},
  pages={107--136},
  year={2006},
  publisher={Springer}
}

@book{koller2009probabilistic,
  title={Probabilistic graphical models: principles and techniques},
  author={Koller, D. and Friedman, N.},
  year={2009},
  publisher={MIT press}
}

@article{kschischang2001factor,
  title={Factor graphs and the sum-product algorithm},
  author={Kschischang, F.R. and Frey, B.J. and Loeliger, H.A.},
  journal={Information Theory, IEEE Transactions on},
  volume={47},
  number={2},
  pages={498--519},
  year={2001},
  publisher={IEEE}
}

@article{wick2010scalable,
  title={Scalable probabilistic databases with factor graphs and MCMC},
  author={Wick, M. and McCallum, A. and Miklau, G.},
  journal={Proceedings of the VLDB Endowment},
  volume={3},
  number={1-2},
  pages={794--804},
  year={2010},
  publisher={VLDB Endowment}
}

@article{gonzalez2011parallel,
  title={Parallel gibbs sampling: From colored fields to thin junction trees},
  author={Gonzalez, J. and Low, Y. and Gretton, A. and Guestrin, C. and Gatsby Unit, UCL},
  journal={Artificial Intelligence and Statistics AISTATS},
  year={2011}
}

@article{niu2011tuffy,
  title={Tuffy: Scaling up statistical inference in markov logic networks using an rdbms},
  author={Niu, F. and R{\'e}, C. and Doan, A.H. and Shavlik, J.},
  journal={Proceedings of the VLDB Endowment},
  volume={4},
  number={6},
  pages={373--384},
  year={2011},
  publisher={VLDB Endowment}
}

@article{niu2011felix,
  title={Felix: Scaling inference for Markov logic with an operator-based approach},
  author={Niu, F. and Zhang, C. and R{\'e}, C. and Shavlik, J.},
  journal={arXiv preprint arXiv:1108.0294},
  year={2011}
}

@book{sutton2006introduction,
  title={An introduction to conditional random fields for relational learning},
  author={Sutton, C. and McCallum, A.},
  year={2006},
  publisher={Introduction to statistical relational learning. MIT Press}
}

@article{lin2012mapreduce,
  title={MapReduce is Good Enough? If All You Have is a Hammer, Throw Away Everything That's Not a Nail!},
  author={Lin, J.},
  journal={arXiv preprint arXiv:1209.2191},
  year={2012}
}