@inproceedings{low2010graphlab,
  title={Graphlab: A new parallel framework for machine learning},
  author={Low, Y. and Gonzalez, J. and Kyrola, A. and Bickson, D. and Guestrin, C. and Hellerstein, J.M.},
  booktitle={Conference on Uncertainty in Artificial Intelligence (UAI), Catalina Island, California},
  year={2010}
}

@article{low2012distributed,
  title={Distributed GraphLab: a framework for machine learning and data mining in the cloud},
  author={Low, Y. and Bickson, D. and Gonzalez, J. and Guestrin, C. and Kyrola, A. and Hellerstein, J.M.},
  journal={Proceedings of the VLDB Endowment},
  volume={5},
  number={8},
  pages={716--727},
  year={2012},
  publisher={VLDB Endowment}
}

@online{googleknowledgegraph,
  author = {Google},
  title = {Introducing the Knowledge Graph: things, not strings},
  year = 2012,
  url = {http://googleblog.blogspot.com/2012/05/introducing-knowledge-graph-things-not.html}
}

@inproceedings{carlson2010toward,
  title={Toward an architecture for never-ending language learning},
  author={Carlson, A. and Betteridge, J. and Kisiel, B. and Settles, B. and Hruschka Jr, E.R. and Mitchell, T.M.},
  booktitle={Proceedings of the Conference on Artificial Intelligence (AAAI)},
  pages={1306--1313},
  year={2010}
}

@article{richardson2006markov,
  title={Markov logic networks},
  author={Richardson, M. and Domingos, P.},
  journal={Machine learning},
  volume={62},
  number={1},
  pages={107--136},
  year={2006},
  publisher={Springer}
}

@phdthesis{schoenmackers2011inference,
  title={Inference Over the Web},
  author={Schoenmackers, S.},
  year={2011},
  school={University of Washington}
}

@inproceedings{schoenmackers2010learning,
  title={Learning first-order horn clauses from web text},
  author={Schoenmackers, S. and Etzioni, O. and Weld, D.S. and Davis, J.},
  booktitle={Proceedings of the 2010 Conference on Empirical Methods in Natural Language Processing},
  pages={1088--1098},
  year={2010},
  organization={Association for Computational Linguistics}
}

@inproceedings{schoenmackers2008scaling,
  title={Scaling textual inference to the web},
  author={Schoenmackers, S. and Etzioni, O. and Weld, D.S.},
  booktitle={Proceedings of the Conference on Empirical Methods in Natural Language Processing},
  pages={79--88},
  year={2008},
  organization={Association for Computational Linguistics}
}

@article{wick2010scalable,
  title={Scalable probabilistic databases with factor graphs and MCMC},
  author={Wick, M. and McCallum, A. and Miklau, G.},
  journal={Proceedings of the VLDB Endowment},
  volume={3},
  number={1-2},
  pages={794--804},
  year={2010},
  publisher={VLDB Endowment}
}

@inproceedings{wick2011queryaware,
  title={Queryaware mcmc},
  author={Wick, Michael L and McCallum, Andrew},
  booktitle={proceedings of the 25th Conference on Neural Information Processing Systems (NIPS)},
  pages={2564--2572},
  year={2011}
}

@inproceedings{singla2006memory,
  title={Memory-efficient inference in relational domains},
  author={Singla, P. and Domingos, P.},
  booktitle={PROCEEDINGS OF THE NATIONAL CONFERENCE ON ARTIFICIAL INTELLIGENCE},
  volume={21},
  number={1},
  pages={488},
  year={2006},
  organization={Menlo Park, CA; Cambridge, MA; London; AAAI Press; MIT Press; 1999}
}

@article{niu2011tuffy,
  title={Tuffy: Scaling up statistical inference in markov logic networks using an rdbms},
  author={Niu, Feng and R{\'e}, Christopher and Doan, AnHai and Shavlik, Jude},
  journal={Proceedings of the VLDB Endowment},
  volume={4},
  number={6},
  pages={373--384},
  year={2011},
  publisher={VLDB Endowment}
}

@ARTICLE{2011arXiv1108.0294N,
author = {{Niu}, F. and {Zhang}, C. and {R{\'e}}, C. and {Shavlik}, J.},
title = "{Felix: Scaling Inference for Markov Logic with an Operator-based Approach}",
journal = {ArXiv e-prints},
archivePrefix = "arXiv",
eprint = {1108.0294},
primaryClass = "cs.CL",
keywords = {Computer Science - Computation and Language, Computer Science - Databases},
year = 2011,
month = aug,
}

@article{wolsey2000integer,
  title={Integer programming},
  author={Wolsey, L.A.},
  journal={IIE Transactions},
  volume={32},
  pages={273--285},
  year={2000},
  publisher={Springer}
}

@inproceedings{nath2010efficient,
  title={Efficient belief propagation for utility maximization and repeated inference},
  author={Nath, A. and Domingos, P.},
  booktitle={Proceedings of the 24th AAAI Conference on Artificial Intelligence},
  year={2010}
}